@INPROCEEDINGS{crick+sentance:2011,
  author =       {Tom Crick and Sue Sentance},
  title =        {{Computing At School: Stimulating Computing Education in the UK}},
  booktitle =    {{Proceedings of the 11th Koli Calling International Conference on Computing Education Research}},
  year =         {2012},
  publisher =    {ACM Press}
}

@INPROCEEDINGS{sentance-et-al-wipsce2012,
  author =       {Sue Sentance and Mark Dorling and Adam McNicol and Tom Crick},
  title =        {{Grand Challenges for the UK: Upskilling Teachers to Teach Computer Science Within the Secondary Curriculum}},
  booktitle =    {Proceedings of the 7th Workshop in Primary and Secondary Computing Education (WiPSCE 2012)},
  year =         {2012},
  publisher =    {ACM Press},
  pages =        {82--85}
}

@INPROCEEDINGS{brown-et-al-sigcse2012,
  author =       {Neil Brown and Michael K\"{o}lling and Tom Crick and Simon {Peyton Jones} and Simon Humphreys and Sue Sentance},
  title =        {{Bringing Computer Science Back Into Schools: Lessons from the UK}},
  booktitle =    {{Proceedings of the 44th ACM Technical Symposium on Computer Science Education (SIGCSE 2013)}},
  year =         {2013},
  publisher =    {ACM Press},
  pages =        {269--274}
}

@ARTICLE{brown-et-al-toce2014,
  author =      {Neil Brown and Sue Sentance and Tom Crick and Simon Humphreys},
  title =       {{Restart: The Resurgence of Computer Science in UK Schools}},
  journal =     {{ACM Transactions on Computer Science Education}},
  year =        {2014},
  volume =      {14},
  number =      {2},
  pages =       {1--22}
}